%% This BibTeX bibliography file was created using BibDesk.
%% http://bibdesk.sourceforge.net/


%% Created for Alaina Ross at 2017-02-03 14:47:51 -0500 


%% Saved with string encoding Unicode (UTF-8) 



@manual{armadillo,
	Author = {Conrad Sanderson and Ryan Curtin},
	Date-Added = {2017-02-03 19:46:10 +0000},
	Date-Modified = {2017-02-03 19:47:29 +0000},
	Title = {Armadillo: a template-based C++ library for linear algebra}}

@techreport{gauss_other2,
	Author = {Simplice Donfack and Jack Dongarra and Mathieu Faverge and Mark Gates and Jakub Kurzak and Piotr Luszczek and Ichitaro Yamazaki},
	Date-Added = {2016-12-07 07:02:21 +0000},
	Date-Modified = {2016-12-07 07:05:35 +0000},
	Institution = {University of Tennessee and Inria Bordeaux Sud-Ouest},
	Title = {On Algorithmic Variants of Parallel Gaussian Elimination: Comparison of Implementations in Terms of Performance and Numerical Properties},
	Year = {2013}}

@phdthesis{other_gauss,
	Author = {Joy Ai-Leen Goodman},
	Date-Added = {2016-12-07 06:44:54 +0000},
	Date-Modified = {2016-12-07 06:45:57 +0000},
	School = {University of Glasgow},
	Title = {Incremental Program Transformation Using Abstract Parallel Machines},
	Year = {2002}}

@book{book,
	Author = {Ward Cheney and David Kincaid},
	Date-Added = {2016-12-07 06:32:38 +0000},
	Date-Modified = {2016-12-07 06:34:10 +0000},
	Edition = {Sixth},
	Publisher = {Thompson Brooks/Cole},
	Title = {Numerical Mathematics and Computing},
	Year = {2008}}

@webpage{graph,
	Date-Added = {2016-12-07 06:30:57 +0000},
	Date-Modified = {2016-12-07 06:31:38 +0000},
	Month = {December},
	Url = {http://riebecca.blogspot.com/2008/12/supercomputing-course-openmp-syntax-and_15.html},
	Year = {2008},
	Bdsk-Url-1 = {http://riebecca.blogspot.com/2008/12/supercomputing-course-openmp-syntax-and_15.html}}
